@book{latex,
  title = {LaTeX : A Documentation Preparation System User's Guide and Reference Manual},
  publisher = {Addison-Wesley Professional},
  year = {1994},
  author = {Leslie Lamport}
}


@article{AZAMFAR2020103932,
	author = {Moslem Azamfar and Xiang Li and Jay Lee},
	doi = {https://doi.org/10.1016/j.mechmachtheory.2020.103932},
	issn = {0094-114X},
	journal = {Mechanism and Machine Theory},
	keywords = {Fault diagnosis, Ball screw, Deep learning, Domain adaptation, Raw data},
	pages = {103932},
	title = {Intelligent ball screw fault diagnosis using a deep domain adaptation methodology},
	url = {https://www.sciencedirect.com/science/article/pii/S0094114X20301531},
	volume = {151},
	year = {2020},
	Bdsk-Url-1 = {https://www.sciencedirect.com/science/article/pii/S0094114X20301531},
	Bdsk-Url-2 = {https://doi.org/10.1016/j.mechmachtheory.2020.103932}}



@article{ZHAO2019213,
	author = {Rui Zhao and Ruqiang Yan and Zhenghua Chen and Kezhi Mao and Peng Wang and Robert X. Gao},
	doi = {https://doi.org/10.1016/j.ymssp.2018.05.050},
	issn = {0888-3270},
	journal = {Mechanical Systems and Signal Processing},
	keywords = {Deep learning, Machine health monitoring, Big data},
	pages = {213-237},
	title = {Deep learning and its applications to machine health monitoring},
	url = {https://www.sciencedirect.com/science/article/pii/S0888327018303108},
	volume = {115},
	year = {2019},
	Bdsk-Url-1 = {https://www.sciencedirect.com/science/article/pii/S0888327018303108},
	Bdsk-Url-2 = {https://doi.org/10.1016/j.ymssp.2018.05.050}}



@article{AN201942,
	doi = {https://doi.org/10.1016/j.neucom.2019.04.010},
	issn = {0925-2312},
	journal = {Neurocomputing},
	keywords = {Fault diagnosis, Domain adaptation, Kernel method, Maximum mean discrepancy},
	pages = {42-53},
	title = {Generalization of deep neural network for bearing fault diagnosis under different working conditions using multiple kernel method},
	url = {https://www.sciencedirect.com/science/article/pii/S0925231219305247},
	volume = {352},
	year = {2019},
	Bdsk-Url-1 = {https://www.sciencedirect.com/science/article/pii/S0925231219305247},
	Bdsk-Url-2 = {https://doi.org/10.1016/j.neucom.2019.04.010}}

@ARTICLE{Pandhare2021,
  author={Pandhare, Vibhor and Li, Xiang and Miller, Marcella and Jia, Xiaodong and Lee, Jay},
  journal={IEEE Transactions on Instrumentation and Measurement}, 
  title={Intelligent Diagnostics for Ball Screw Fault Through Indirect Sensing Using Deep Domain Adaptation}, 
  year={2021},
  volume={70},
  number={},
  pages={1-11},
  doi={10.1109/TIM.2020.3043512}}
  
  @inproceedings{li2020domain,
  title={Domain conditioned adaptation network},
  author={Li, Shuang and Liu, Chi and Lin, Qiuxia and Xie, Binhui and Ding, Zhengming and Huang, Gao and Tang, Jian},
  booktitle={Proceedings of the AAAI Conference on Artificial Intelligence},
  volume={34},
  number={07},
  pages={11386--11393},
  year={2020}
}

@inproceedings{Yujia2015,
author = {Li, Yujia and Swersky, Kevin and Zemel, Richard},
title = {Generative Moment Matching Networks},
year = {2015}, publisher = {JMLR.org},
booktitle = {Proceedings of the 32nd International Conference on International Conference on Machine Learning - Volume 37},
pages = {1718–1727}, numpages = {10},
location = {Lille, France},
series = {ICML'15} }



@article{WU2020,
	author = {Jingyao Wu and Zhibin Zhao and Chuang Sun and Ruqiang Yan and Xuefeng Chen},
	doi = {https://doi.org/10.1016/j.measurement.2020.108202},
	issn = {0263-2241},
	journal = {Measurement},
	keywords = {Few-shot learning, Intelligent diagnosis, Transfer learning, Meta-learning, Rotating machinery},
	pages = {108202},
	title = {Few-shot transfer learning for intelligent fault diagnosis of machine},
	url = {https://www.sciencedirect.com/science/article/pii/S0263224120307405},
	volume = {166},
	year = {2020},
	Bdsk-Url-1 = {https://www.sciencedirect.com/science/article/pii/S0263224120307405},
	Bdsk-Url-2 = {https://doi.org/10.1016/j.measurement.2020.108202}}


@online{Brownlee2021,
  author = {Jason Brownlee},
  title = {How to Choose an Activation Function for Deep Learning},
  year = 2021,
  url = {https://machinelearningmastery.com/choose-an-activation-function-for-deep-learning/},
  urldate = {2022-05-18}
}


@article{HORNIK1991,
	author = {Kurt Hornik},
	doi = {https://doi.org/10.1016/0893-6080(91)90009-T},
	issn = {0893-6080},
	journal = {Neural Networks},
	keywords = {Multilayer feedforward networks, Activation function, Universal approximation capabilities, Input environment measure, () approximation, Uniform approximation, Sobolev spaces, Smooth approximation},
	number = {2},
	pages = {251-257},
	title = {Approximation capabilities of multilayer feedforward networks},
	url = {https://www.sciencedirect.com/science/article/pii/089360809190009T},
	volume = {4},
	year = {1991},
	Bdsk-Url-1 = {https://www.sciencedirect.com/science/article/pii/089360809190009T},
	Bdsk-Url-2 = {https://doi.org/10.1016/0893-6080(91)90009-T}}

@conference{Nwankpa2021,
    title = "Activation functions: comparison of trends in practice and research for deep learning",
    keywords = "activation function, activation function types, activation function choices, deep learning, neural networks, learning algorithms",
    author = "Nwankpa, {Chigozie Enyinna} and Winifred Ijomah and Anthony Gachagan and Stephen Marshall",
    year = "2021",
    month = jan,
    day = "11",
    language = "English",
    pages = "124 -- 133",
    note = "2nd International Conference on Computational Sciences and Technology, (INCCST) ; Conference date: 17-12-2020 Through 19-12-2020",
    url = "https://arxiv.org/pdf/1811.03378.pdf",
    }

@article{ShilohPerl2020,
  title={Introduction to deep learning},
  author={Lihi Shiloh-Perl and Raja Giryes},
  journal={ArXiv},
  year={2020},
  volume={abs/2003.03253},
  doi = {10.48550/ARXIV.2003.03253},
  url = {https://arxiv.org/abs/2003.03253}
}

@online{Ruder2016,
  author = {Sebastian Ruder},
  title = {An overview of gradient descent optimization algorithms},
  year = 2016 ,
  url = {https://ruder.io/optimizing-gradient-descent/index.html#nesterovacceleratedgradient},
  urldate = {2022-05-25}
}

@online{Ganesh2019,
  author = {Prakhar Ganesh},
  title = {Types of Convolution Kernels : Simplified},
  year = {2019} ,
  url = {https://towardsdatascience.com/types-of-convolution-kernels-simplified-f040cb307c37},
  urldate = {2022-05-26}
}

@article{OShea2015,
  title={An Introduction to Convolutional Neural Networks},
  author={Keiron O’Shea and Ryan Nash},
  journal={ArXiv},
  year={2015},
  volume={abs/1511.08458}
}

@ARTICLE{Patel2015,
  author={Patel, Vishal M and Gopalan, Raghuraman and Li, Ruonan and Chellappa, Rama},
  journal={IEEE Signal Processing Magazine}, 
  title={Visual Domain Adaptation: A survey of recent advances}, 
  year={2015},
  volume={32},
  number={3},
  pages={53-69},
  doi={10.1109/MSP.2014.2347059}}


@article{Qikang2020,
	author = {Qikang Li and Baoping Tang and Lei Deng and Yanling Wu and Yi Wang},
	doi = {https://doi.org/10.1016/j.measurement.2020.107570},
	issn = {0263-2241},
	journal = {Measurement},
	keywords = {Deep balanced domain adaptation, Convolutional neural network, Fault diagnosis, Planetary gearboxes, Limited labeled data},
	pages = {107570},
	title = {Deep balanced domain adaptation neural networks for fault diagnosis of planetary gearboxes with limited labeled data},
	url = {https://www.sciencedirect.com/science/article/pii/S026322412030107X},
	volume = {156},
	year = {2020},
	Bdsk-Url-1 = {https://www.sciencedirect.com/science/article/pii/S026322412030107X},
	Bdsk-Url-2 = {https://doi.org/10.1016/j.measurement.2020.107570}}



@article{FENG2013,
	author = {Zhipeng Feng and Ming Liang and Fulei Chu},
	doi = {https://doi.org/10.1016/j.ymssp.2013.01.017},
	issn = {0888-3270},
	journal = {Mechanical Systems and Signal Processing},
	keywords = {Fault diagnosis, Nonstationary signal, Time--frequency analysis},
	note = {Condition monitoring of machines in non-stationary operations.},
	number = {1},
	pages = {165-205},
	title = {Recent advances in time--frequency analysis methods for machinery fault diagnosis: A review with application examples},
	url = {https://www.sciencedirect.com/science/article/pii/S088832701300071X},
	volume = {38},
	year = {2013},
	Bdsk-Url-1 = {https://www.sciencedirect.com/science/article/pii/S088832701300071X},
	Bdsk-Url-2 = {https://doi.org/10.1016/j.ymssp.2013.01.017}}


@article{Hlawatsch1992,
	author = {Hlawatsch, F. and Boudreaux-Bartels, G.F.},
	doi = {10.1109/79.127284},
	journal = {Signal Processing Magazine, IEEE},
	month = {05},
	pages = {21 - 67},
	title = {Linear and quadratic time-frequency signal representations},
	volume = {9},
	year = {1992},
	Bdsk-Url-1 = {https://doi.org/10.1109/79.127284}}



@article{Feng2013,
	author = {Feng, Zhipeng and Liang, Ming and Chu, Fulei},
	doi = {10.1016/j.ymssp.2013.01.017},
	journal = {Mechanical Systems and Signal Processing},
	month = {07},
	pages = {165--205},
	title = {Recent advances in time--frequency analysis methods for machinery fault diagnosis: A review with application examples},
	volume = {38},
	year = {2013},
	Bdsk-Url-1 = {https://doi.org/10.1016/j.ymssp.2013.01.017}}


@online{Shawhin2020,
  author = {Shawhin Talebi},
  title = {The Wavelet Transform},
  year = {2020} ,
  url = {https://towardsdatascience.com/the-wavelet-transform-e9cfa85d7b34},
  urldate = {2022-05-30}
}

@article{Verstraete2017,
	author = {Whelan, Matthew J. and Verstraete, David and Ferrada, Andr{\'e}s and Droguett, Enrique L{\'o}pez and Meruane, Viviana and Modarres, Mohammad},
	doi = {10.1155/2017/5067651},
	isbn = {1070-9622},
	journal = {Shock and Vibration},
	pages = {5067651},
	publisher = {Hindawi},
	title = {Deep Learning Enabled Fault Diagnosis Using Time-Frequency Image Analysis of Rolling Element Bearings},
	ty = {JOUR},
	url = {https://doi.org/10.1155/2017/5067651},
	volume = {2017},
	year = {2017},
	Bdsk-Url-1 = {https://doi.org/10.1155/2017/5067651}}


@INPROCEEDINGS{Faltermeier2010,
  author={Zeiler, A. and Faltermeier, R. and Keck, I. R. and Tomé, A. M. and Puntonet, C. G. and Lang, E. W.},
  booktitle={The 2010 International Joint Conference on Neural Networks (IJCNN)}, 
  title={Empirical Mode Decomposition - an introduction}, 
  year={2010},
  volume={},
  number={},
  pages={1-8},
  doi={10.1109/IJCNN.2010.5596829}}
